101 02100002112345678900704231716Z094101JPMORGAN CHASE         ABC COMPANY   
5200ABC1 COMPANY                        1234567890CCDEMP EXP   070425070425   1021000020000001 
622505751207123456           000000040015611          JOHN DOE INC            0021000020000001
622071900456555123           00000001001672           ABC Trucking            1021000020000002
705RMR*IV***35.00\                                                                 00010000002
6220719252371231234          000000020010884          C & A INC               0021000020000003
622066011350222333           00000001001700           KELLY TIRES CORP        0021000020000004
6220620000191222222          000000020025283          XYZ CORPORATION         0021000020000005
622071000039444888999        000000010012295          LMN BUILDING CORP       0021000020000006
622111916436123456           000000020025551          JANES DELI INC          1021000020000007
705RMR*IV***17.21\                                                                 00020000007
820000000700889504670000000000000000000013001234567890                         021000020000001 
9000004000004000000170182500507000000000000000000008400   
