101 021000021 9999999990112312131A094101CHASE MANHATTAN BANK   ANY COMPANY NAME              
5200ANY COMPANY NAME                    9123456789CTXPAYABLES  020102020102   1999999990000001  
622121142698999999999        00007084029123456789     0007PAYEE CO NAME       1999999990000001  
705ISA*00*          *00*          *01*123456789      *01*006981815      *020228*14400010000001  
7050*U*00401*000000001*0*P*~\GS*RA*123456789*006981815*20020228*1440*1*X*004010\ST*00020000001  
705820*0001\BPR*C*7084.02*C*ACH*CTX*01*021000021*DA*9999999999*9123456789**01*0210000030000001  
7050021*DA*8888888888*20020301\REF*CK*0006\N1*PR*ANY COMPANY NAME\N1*PE*PAYEE NAME\00040000001  
705ENT*1\RMR*IV*1234567891011121**1500.55*1500.55\RMR*IV*2222222222222222**750*765*00050000001  
70515\RMR*IV*3333333333333333**4000*4000\RMR*IV*4444444444444444**874.67*892.52*17.00060000001  
70585\RMR*IV*90448766**-41.2*-41.2\SE*12*0001\GE*1*1\IEA*1*000000001\              00070000001  
820000000800121142690000000000000000007084029123456789                         999999990000001  
9000001000002000000080012114269000000000000000000708402                                         
9999999999999999999999999999999999999999999999999999999999999999999999999999999999999999999999
