01,,BNZA/
88,160122,0400,1/
88,78,78/
02,BNZA,NATAAU3M,1/
88,160121,0000/
03,430573570,AUD,015,432868,100,9500,102,100,400/
88,000,402,000,500,439,501,000,502/
88,000,503,000,965,000,966,000/
88,967,000,968,000,969,000/
16,165,100,S,100,0,0,2466956333TC,TRND7RLZ5J9CRO4/
88,ORIG CO NAME=EonX Services Co;ORIG ID=1159829000;DESC DATE=250903;ENTRY DESC
88,R=PAYMENTS;ENTRY CLASS=CCD;TRACE NO=021000026956333;ENTRY DATE=250903;IND ID
88, NO=TRND7RLZ5J9CRO4;IND NAME=EonX;REMARK=NTE*ZZZ*Jason Tymms\;ORIG BANK=JPMO
88,RGAN CHASE BANK, NA NEW YORK
16,466,100,0,2458005876TC,1159829000/
88,ORIG CO NAME=EonX Services Co;ORIG ID=1159829000;DESC DATE=OFFSET;ENTRY DESC
88,R=PAYMENTS;ENTRY CLASS=CCD;TRACE NO=021000028005876;ENTRY DATE=250903;IND ID
88, NO=1159829000;IND NAME=EFT FILE NAME: A5MX5F;COMPANY DATA=250902 A5MX5F;REM
88,ARK=ACH ORIGIN#:8623477186 CO EFF: 25/09/03;ORIG BANK=JPMORGAN CHASE BANK, N
88,A NEW YORK
16,698,1244126,0,,/
88,REMARK=ACCT SERVICE FEE
49,452407,452407/
99,505250,1,33/
88,505250/
