01,,BNZA,120725,0400,1,78,78/
02,BNZA,NATAAU3M,1,120724,0000/
03,594481027,AUD,015,13467-,100,000,102,000,400/
88,000,402,000,500,000,501,000,502/
88,000,503,000,965,000,966,000/
88,967,000,968,000,969,000/
16,399,50000,0,0/
88,STUART SMALL        FRKXMT8BK5          FRKXMT8BK5 Stuart Sm
49,-13467,-13467/
98,211695158,23,211691657/
99,211695158,1,188,211691657/
