0                 01NAB       NAB                       012345DE Returns  070905                                        
2082-0014587999935130000018622THOMPSON  SARAH                 694609            062-184010479999SUNNY-PEOPLE    06337999
2082-0014587999936130000042350OWEN  MELISSA                   693549            633-000118309999SUNNY-PEOPLE    06337999
2082-0014587999936130000002500TUCKER  DANIELLE                669795            732-828000519999SUNNY-PEOPLE    06337999
2082-0014587999936130000089937ATKINS  SHARON                  695276            637-000712789999SUNNY-PEOPLE    06337999
2082-0014587999936130000019022CAPPETTA  RENEE                 586590            016-350512779999SUNNY-PEOPLE    06337999
2082-0014587999936130000030995THOMPSON  SARAH                 707879            638-010009039999SUNNY-PEOPLE    06337999
2082-0014587999936130000006293PEARSON  MELANIE                610692            805-050061769999SUNNY-PEOPLE    06337999
2082-0014587999936130000007008HANCOCK  ALLIRA                 650849            484-799046809999SUNNY-PEOPLE    06337999
2082-0014587999936130000052436ZETTER  KIM                     549988            805-023023789999SUNNY-PEOPLE    06337999
2082-0014587999936130000027619ZALEK  ANN                      569061            016-560538759999SUNNY-PEOPLE    06337999
7999-999            000029678200000000000000296782                        000010                                        