01,,BNZA,120725,0400,1,78,78/
02,BNZA,NATAAU3M,1,120724,0000/
03,594481027,AUD,015,13467-,100,000,102,000,400/
88,000,402,000,500,000,501,000,502/
88,000,503,000,965,000,966,000/
88,967,000,968,000,969,000/
49,-13467,-13467/
03,823840968,AUD,015,1989,100,000,102,000,400/
88,000,402,000,500,000,501,000,502/
88,000,503,000,965,000,966,000/
88,967,000,968,000,969,000/
49,1989,1989/
03,553686978,AUD,015,2310405,100,64598,102,100,400/
88,4171255,402,800,500,000,501,000,502/
88,000,503,000,965,000,966,000/
88,967,000,968,000,969,000/
16,936,64598,0,0,ABC DEF
16,475,70050,0,0005607/
16,475,22410,0,0005712/
16,475,22650,0,0005820/
16,475,210620,0,0005924/
16,475,379200,0,0005956/
16,475,61915,0,0005968/
16,475,3300000,0,0006100/
16,475,330/
16,475,330,0/
16,501,104410,0,0,AP8YA0436912      GEDFH            083310
49,10783011,10783011/
03,857862896,AUD,015,2805,100,000,102,000,400/
88,000,402,000,500,000,501,000,502/
88,000,503,000,965,000,966,000/
88,967,000,968,000,969,000/
49,2805,2805/
98,211695158,23,211691657/
99,211695158,1,188,211691657/