01,,BNZA/                                                                       
88,160122,0400,1/                                                               
88,78,78/                                                                       
02,BNZA,NATAAU3M,1/                                                             
88,160121,0000/                                                                 
03,430573570,AUD,015,432868,100,9500,102,100,400/                               
88,000,402,000,500,439,501,000,502/                                             
88,000,503,000,965,000,966,000/                                                 
88,967,000,968,000,969,000/                                                     
16,920,9500,0,0,D0H4B             MRS AMANDA CONNE 141000                       
49,452407,452407/                                                               
03,739790442,AUD,015,41025,100,000,102,000,400/                                 
88,000,402,000,500,010,501,000,502/                                             
88,000,503,000,965,000,966,000/                                                 
88,967,000,968,000,969,000/                                                     
49,41035,41035/                                                                 
03,739813974,AUD,015,4100,100,000,102,000,400/                                  
88,000,402,000,500,000,501,004,502/                                             
88,000,503,000,965,000,966,000/                                                 
88,967,000,968,000,969,000/                                                     
49,4104,4104/                                                                   
03,739827524,AUD,015,4100,100,800,102,200,400/                                  
88,800,402,200,500,000,501,004,502/                                             
88,000,503,000,965,000,966,000/                                                 
88,967,000,968,000,969,000/                                                     
16,920,400,0,0,INTERNET MULTI TFR                                               
88,DEBIT 4558        PYMT-ID 73980127 492627                                    
34,error1
16,920,401,0,0,INTERNET MULTI TFR                                               
88,DEBIT 8098        PYMT-ID 74006420 492627                                    
16,501,402,0,0,INTERNET MULTI TFR                                               
88,CREDIT 1808       PYMT-ID 74006418 492677                                    
16,501,403,0,0,INTERNET MULTI TFR                                               
88,CREDIT 5848       PYMT-ID 73980126 492677                                    
49,7704,7704/
03,739827524,AUD,015,4100,100,800,102,200,400/
88,800,402,200,500,000,501,004,502/
88,000,503,000,965,000,966,000/
88,967,000,968,000,969,000/
16,501,403,0,0,NEW MULTI TFR
88,DEBIT 5148       PYMT-ID 00000000 492672
12error2                                                                   
98,505250/
88,4/
88,505251/                                                            
99,505250,1,33/
88,505250/                                                         