0502027019.39.52  01CRU       TEST                      123456TEST        261119027019.39.52                  CUSCAL-NDE
1123-456123456789 500000100000TEST 1                          TEST              987-654987654321TEST            00000000
2123-456123456789 500000100000TEST 2                          TEST              988-654987654321TEST            01   101
3123-456123456789 500000100000TEST 2                          TEST              988-654987654321TEST            02   102
7999-999            000020000000002000000000000000                        000002

End-Of-File
